<record><leader>00000cas a22000007a 4500</leader><controlfield tag="001">11699796</controlfield><controlfield tag="008">850215d19051910wiuwr ne      0    0eng d</controlfield><datafield ind1=" " ind2=" " tag="010"><subfield code="a">sn 85040167 </subfield></datafield><datafield ind1=" " ind2=" " tag="040"><subfield code="a">NPV</subfield><subfield code="b">eng</subfield><subfield code="c">NPV</subfield><subfield code="d">OCLCQ</subfield></datafield><datafield ind1=" " ind2=" " tag="042"><subfield code="a">msc</subfield></datafield><datafield ind1=" " ind2=" " tag="043"><subfield code="a">n-us-wi</subfield></datafield><datafield ind1=" " ind2=" " tag="045"><subfield code="a">x0x1</subfield></datafield><datafield ind1=" " ind2=" " tag="052"><subfield code="a">4123</subfield><subfield code="b">L3</subfield></datafield><datafield ind1="0" ind2=" " tag="130"><subfield code="a">Homestead (South Wayne, Wis.)</subfield></datafield><datafield ind1="1" ind2="4" tag="245"><subfield code="a">The homestead.</subfield></datafield><datafield ind1=" " ind2=" " tag="260"><subfield code="a">South Wayne, Wis. :</subfield><subfield code="b">J.G. Morse,</subfield><subfield code="c">1905-1910.</subfield></datafield><datafield ind1=" " ind2=" " tag="300"><subfield code="a">6 v. :</subfield><subfield code="b">ill.</subfield></datafield><datafield ind1=" " ind2=" " tag="310"><subfield code="a">Weekly</subfield></datafield><datafield ind1="0" ind2=" " tag="362"><subfield code="a">Vol. 1, no. 1 (Feb. 16, 1905)-v. 6, no. 27 (Sept. 8, 1910).</subfield></datafield><datafield ind1=" " ind2=" " tag="500"><subfield code="a">Publisher varies.</subfield></datafield><datafield ind1=" " ind2=" " tag="500"><subfield code="a">Editor: C.V. Howery, Oct. 28, 1909-Sept. 28, 1910.</subfield></datafield><datafield ind1=" " ind2=" " tag="525"><subfield code="a">Supplements accompany some issues.</subfield></datafield><datafield ind1=" " ind2=" " tag="530"><subfield code="a">Available on microfilm from The State Historical Society of Wisconsin.</subfield></datafield><datafield ind1=" " ind2=" " tag="752"><subfield code="a">United States</subfield><subfield code="b">Wisconsin</subfield><subfield code="c">Lafayette</subfield><subfield code="d">South Wayne.</subfield></datafield><datafield ind1="0" ind2="0" tag="785"><subfield code="t">South Wayne homestead</subfield><subfield code="w">(DLC)sn 85040166</subfield></datafield><datafield ind1="1" ind2=" " tag="029"><subfield code="a">AU@</subfield><subfield code="b">000025797556</subfield></datafield></record>